\usepackage[authoryear,coma,longnamesfirst,sectionbib,url]{natbib}
\bibliographystyle{plainnat}
\backmatter
\chapther*{Bibliografía}
\bibliography{BIBLIO}
\addcontentsline{toc}{chapter}{Bibliografía}
@online{python,
	ALTauthor = {author},
	ALTeditor = {editor},
	title = {Python Software Foundation [{US}]},
	date = {(2001-2018)},
	url = {https://www.python.org/},
	OPTsubtitle = {subtitle},
	OPTtitleaddon = {titleaddon},
	OPTlanguage = {language},
	OPTversion = {version},
	OPTnote = {note},
	OPTorganization = {organization},
	OPTdate = {date},
	OPTmonth = {month},
	OPTyear = {year},
	OPTaddendum = {addendum},
	OPTpubstate = {pubstate},
	OPTurldate = {urldate},
}
@online{gnuplot,
	ALTauthor = {author},
	ALTeditor = {editor},
	title = {Gnuplot},
	date = {},
	url = {http://www.gnuplot.info/},
	OPTsubtitle = {subtitle},
	OPTtitleaddon = {titleaddon},
	OPTlanguage = {language},
	OPTversion = {version},
	OPTnote = {note},
	OPTorganization = {organization},
	OPTdate = {date},
	OPTmonth = {month},
	OPTyear = {year},
	OPTaddendum = {addendum},
	OPTpubstate = {pubstate},
	OPTurldate = {urldate},
}
@unpublished{mio,
	author = {Yessica Reyna Fernández},
	title = {Tarea 1},
	date = {17 de febrero del 2018},
	OPTsubtitle = {subtitle},
	OPTtitleaddon = {titleaddon},
	OPTlanguage = {language},
	OPThowpublished = {howpublished},
	OPTnote = {note},
	OPTlocation = {location},
	OPTisbn = {isbn},
	OPTdate = {date},
	OPTmonth = {month},
	OPTyear = {year},
	OPTaddendum = {addendum},
	OPTpubstate = {pubstate},
	OPTurl = {url},
	OPTurldate = {urldate},
}