\usepackage[authoryear,coma,longnamesfirst,sectionbib,url]{natbib}
\bibliographystyle{unsrt}
\backmatter
\chapther*{Bibliografía}
\bibliography{BIBLIO}
\addcontentsline{toc}{chapter}{Bibliografía}
@unpublished{mio,
	author = {Yessica Reyna Fern\'andez},
	title = {Tarea 2},
	date = {4 de Marzo del 2018},
	url = {https://github.com/YessicaFer/FlujoenRedes/blob/Tarea-1/Tarea%202/tarea2_yessica.pdf}
	OPTsubtitle = {subtitle},
	OPTtitleaddon = {titleaddon},
	OPTlanguage = {language},
	OPThowpublished = {howpublished},
	OPTnote = {note},
	OPTlocation = {location},
	OPTisbn = {isbn},
	OPTdate = {date},
	OPTmonth = {month},
	OPTyear = {year},
	OPTaddendum = {addendum},
	OPTpubstate = {pubstate},
	OPTurl = {},
	OPTurldate = {urldate},
}
@InBook{libroalgo,
	ALTauthor = {Thomas H. Cormen, Charles E. Leiserson, Ronald L. Rivest y Clifford Stein},
	ALTeditor = {The Mit Press},
	title = {Introduction to Algorithms},
	chapter = {25},
	publisher = {},
	year = {2009},
	OPTkey = {key},
	OPTvolume = {volume},
	OPTnumber = {number},
	OPTseries = {series},
	OPTtype = {type},
	OPTaddress = {address},
	OPTedition = {edition},
	OPTmonth = {month},
	OPTpages = {693},
	OPTnote = {note},
	OPTannote = {annote},
}
@InBook{libro,
	ALTauthor = {Thomas H. Cormen, Charles E. Leiserson, Ronald L. Rivest y Clifford Stein},
	ALTeditor = {The Mit Press},
	title = {Introduction to Algorithms},
	chapter = {26},
	publisher = {},
	year = {2009},
	OPTkey = {key},
	OPTvolume = {volume},
	OPTnumber = {number},
	OPTseries = {series},
	OPTtype = {type},
	OPTaddress = {address},
	OPTedition = {edition},
	OPTmonth = {month},
	OPTpages = {693},
	OPTnote = {note},
	OPTannote = {annote},
}
@online{elisa,
	ALTauthor = {Dra. Elisa Schaeffer},
	ALTeditor = {editor},
	title = {Matem\'aticas Discretas},
	date = {2 de febrero del 2018},
	url = {https://elisa.dyndns-web.com/teaching/mat/discretas/md.html},
	OPTsubtitle = {subtitle},
	OPTtitleaddon = {titleaddon},
	OPTlanguage = {language},
	OPTversion = {version},
	OPTnote = {note},
	OPTorganization = {organization},
	OPTdate = {date},
	OPTmonth = {month},
	OPTyear = {year},
	OPTaddendum = {addendum},
	OPTpubstate = {pubstate},
	OPTurldate = {urldate},
}